<collection xmlns="http://www.loc.gov/MARC21/slim">
<record>
  <leader>01948nam0a22003251i 450 </leader>
  <controlfield tag="001">IT\ICCU\CNCE\052193</controlfield>
  <controlfield tag="005">20010730000000.0</controlfield>
  <datafield tag="012" ind1=" " ind2=" ">
    <subfield code="a">atn- uml- r-u, 44f+ (3) 1571 (R)</subfield>
    <subfield code="2">fei</subfield>
  </datafield>
  <datafield tag="100" ind1=" " ind2=" ">
    <subfield code="a">20010718d1571        0itac0103    ba</subfield>
  </datafield>
  <datafield tag="101" ind1=" " ind2=" ">
    <subfield code="a">LAT</subfield>
  </datafield>
  <datafield tag="102" ind1=" " ind2=" ">
    <subfield code="a">IT</subfield>
  </datafield>
  <datafield tag="200" ind1="1" ind2=" ">
    <subfield code="a">℗D.Andreae Iserniensis ℗In usus feudorum commentaria.Praeclarissimis D.Nardi Liparuli I.V.D. acutissimi explicationibus nunc primum illustrata,cum infinitorum prope locorum castigationibus.Multa insuper.ac quasi innumerabilia addita sunt:quaomnia,uel ipsorum pars maior ad feuda pertinent.Cum privilegiis</subfield>
  </datafield>
  <datafield tag="210" ind1=" " ind2=" ">
    <subfield code="a">Neapoli</subfield>
    <subfield code="c">\Giuseppe Cacchi!</subfield>
    <subfield code="d">1571</subfield>
  </datafield>
  <datafield tag="215" ind1=" " ind2=" ">
    <subfield code="a">\4!, 321 , \9! c.</subfield>
    <subfield code="d">fol</subfield>
  </datafield>
  <datafield tag="300" ind1=" " ind2=" ">
    <subfield code="a">ANNULLATA !!! E&apos; la 1687((Contiene anche la vita di Andrea d&apos;Isernia di L. Liparulo. - Nel front. titolo e stemma del card.Granvelle inrosso e nero. - Stampata da Giuseppe Cacchi.Cfr.Manzi : Annali di G.Cacchi ,vol.LXXVII,pag.51. - Cors. ; rom. - Iniziali silogr. - Segn. : pi greco4 3A-3I6</subfield>
  </datafield>
  <datafield tag="620" ind1=" " ind2=" ">
    <subfield code="a">IT</subfield>
    <subfield code="d">Napoli</subfield>
  </datafield>
  <datafield tag="700" ind1=" " ind2="0">
    <subfield code="a">Andrea</subfield>
    <subfield code="c"> : d&apos;Isernia</subfield>
    <subfield code="3">IT\ICCU\CNCA\000693</subfield>
  </datafield>
  <datafield tag="702" ind1=" " ind2="1">
    <subfield code="a">Liparulo,</subfield>
    <subfield code="b">Leonardo</subfield>
    <subfield code="3">IT\ICCU\CNCA\000174</subfield>
  </datafield>
  <datafield tag="712" ind1="0" ind2="0">
    <subfield code="a">Cacchi, Giuseppe</subfield>
    <subfield code="3">IT\ICCU\CNCT\000064</subfield>
    <subfield code="4">650</subfield>
  </datafield>
  <datafield tag="790" ind1=" " ind2="1">
    <subfield code="a">Rampini,</subfield>
    <subfield code="b">Andrea</subfield>
    <subfield code="3">IT\ICCU\CNCA\014730</subfield>
    <subfield code="z">Andrea : d&apos;Isernia</subfield>
  </datafield>
  <datafield tag="790" ind1=" " ind2="1">
    <subfield code="a">Rampinis,</subfield>
    <subfield code="b">Andreas : de</subfield>
    <subfield code="3">IT\ICCU\CNCA\018698</subfield>
    <subfield code="z">Andrea : d&apos;Isernia</subfield>
  </datafield>
  <datafield tag="790" ind1=" " ind2="0">
    <subfield code="a">Andreas</subfield>
    <subfield code="c"> : Iserniensis</subfield>
    <subfield code="3">IT\ICCU\CNCA\022619</subfield>
    <subfield code="z">Andrea : d&apos;Isernia</subfield>
  </datafield>
  <datafield tag="790" ind1=" " ind2="1">
    <subfield code="a">Liparulo,</subfield>
    <subfield code="b">Lionardo</subfield>
    <subfield code="3">IT\ICCU\CNCA\020348</subfield>
    <subfield code="z">Liparulo, Leonardo</subfield>
  </datafield>
  <datafield tag="790" ind1=" " ind2="1">
    <subfield code="a">Liparulus,</subfield>
    <subfield code="b">Nardus</subfield>
    <subfield code="3">IT\ICCU\CNCA\020349</subfield>
    <subfield code="z">Liparulo, Leonardo</subfield>
  </datafield>
  <datafield tag="791" ind1="0" ind2="0">
    <subfield code="a">Cacchius, Iosephus</subfield>
    <subfield code="3">IT\ICCU\CNCT\004389</subfield>
    <subfield code="z">Cacchi, Giuseppe</subfield>
  </datafield>
  <datafield tag="791" ind1="0" ind2="0">
    <subfield code="a">Cacchio, Giuseppe</subfield>
    <subfield code="3">IT\ICCU\CNCT\004390</subfield>
    <subfield code="z">Cacchi, Giuseppe</subfield>
  </datafield>
  <datafield tag="801" ind1=" " ind2="3">
    <subfield code="a">IT</subfield>
    <subfield code="b">ICCU</subfield>
    <subfield code="c">20201115</subfield>
  </datafield>
  <datafield tag="899" ind1=" " ind2=" ">
    <subfield code="a">Biblioteca comunale Planettiana. Jesi</subfield>
    <subfield code="1">AN0092</subfield>
    <subfield code="2">URB BC</subfield>
  </datafield>
  <datafield tag="899" ind1=" " ind2=" ">
    <subfield code="a">Biblioteca nazionale Vittorio Emanuele III. Napoli</subfield>
    <subfield code="1">NA0079</subfield>
    <subfield code="2">NAP BN</subfield>
  </datafield>
  <datafield tag="899" ind1=" " ind2=" ">
    <subfield code="a">Biblioteca comunale Manfrediana. Faenza</subfield>
    <subfield code="1">RA0016</subfield>
    <subfield code="2">RAV FA</subfield>
  </datafield>
</record>
</collection>
